<collection xmlns="http://www.loc.gov/MARC21/slim">
<record>
  <leader>05119nam0a2200829 i 450 </leader>
  <controlfield tag="001">IT\ICCU\CNCE\008192</controlfield>
  <controlfield tag="005">20060105000000.0</controlfield>
  <datafield tag="012" ind1=" " ind2=" ">
    <subfield code="a">e-i- o-m; edi- ipma (3) 1584 (R)</subfield>
    <subfield code="2">fei</subfield>
  </datafield>
  <datafield tag="100" ind1=" " ind2=" ">
    <subfield code="a">19970101d1584        0itac0103    ba</subfield>
  </datafield>
  <datafield tag="101" ind1=" " ind2=" ">
    <subfield code="a">LAT</subfield>
  </datafield>
  <datafield tag="102" ind1=" " ind2=" ">
    <subfield code="a">IT</subfield>
  </datafield>
  <datafield tag="200" ind1="1" ind2=" ">
    <subfield code="a">℗C. Iulii Caesaris ℗Commentarij ab Aldo Manutio Paulli f. Aldi n. emendati et scholiis illustrati</subfield>
  </datafield>
  <datafield tag="210" ind1=" " ind2=" ">
    <subfield code="a">Venetiis</subfield>
    <subfield code="c">apud Florauantem a Prato</subfield>
    <subfield code="d">1584</subfield>
    <subfield code="e">Venetiis</subfield>
    <subfield code="h">1584</subfield>
  </datafield>
  <datafield tag="215" ind1=" " ind2=" ">
    <subfield code="a">\184!, 608, \264! p.</subfield>
    <subfield code="c">ill.</subfield>
    <subfield code="d">8ʻ</subfield>
  </datafield>
  <datafield tag="620" ind1=" " ind2=" ">
    <subfield code="a">IT</subfield>
    <subfield code="d">Venezia</subfield>
  </datafield>
  <datafield tag="700" ind1=" " ind2="1">
    <subfield code="a">Caesar,</subfield>
    <subfield code="b">Gaius Iulius</subfield>
    <subfield code="3">IT\ICCU\CNCA\002169</subfield>
  </datafield>
  <datafield tag="702" ind1=" " ind2="1">
    <subfield code="a">Manuzio,</subfield>
    <subfield code="b">Aldo</subfield>
    <subfield code="c"> &lt;il giovane&gt;</subfield>
    <subfield code="3">IT\ICCU\CNCA\000150</subfield>
  </datafield>
  <datafield tag="712" ind1="0" ind2="0">
    <subfield code="a">Prati, Fioravante</subfield>
    <subfield code="3">IT\ICCU\CNCT\000576</subfield>
    <subfield code="4">650</subfield>
  </datafield>
  <datafield tag="790" ind1=" " ind2="1">
    <subfield code="a">Manucci,</subfield>
    <subfield code="b">Aldo</subfield>
    <subfield code="3">IT\ICCU\CNCA\016427</subfield>
    <subfield code="z">Manuzio, Aldo &lt;il giovane&gt;</subfield>
  </datafield>
  <datafield tag="790" ind1=" " ind2="1">
    <subfield code="a">Manutius,</subfield>
    <subfield code="b">Aldus</subfield>
    <subfield code="c"> &lt;il giovane&gt;</subfield>
    <subfield code="3">IT\ICCU\CNCA\020915</subfield>
    <subfield code="z">Manuzio, Aldo &lt;il giovane&gt;</subfield>
  </datafield>
  <datafield tag="791" ind1="0" ind2="0">
    <subfield code="a">Prato, Floravans a</subfield>
    <subfield code="3">IT\ICCU\CNCT\005506</subfield>
    <subfield code="z">Prati, Fioravante</subfield>
  </datafield>
  <datafield tag="791" ind1="0" ind2="0">
    <subfield code="a">Pratus, Floravans</subfield>
    <subfield code="3">IT\ICCU\CNCT\005507</subfield>
    <subfield code="z">Prati, Fioravante</subfield>
  </datafield>
  <datafield tag="801" ind1=" " ind2="3">
    <subfield code="a">IT</subfield>
    <subfield code="b">ICCU</subfield>
    <subfield code="c">20201113</subfield>
  </datafield>
  <datafield tag="899" ind1=" " ind2=" ">
    <subfield code="a">Biblioteca comunale. Cupramontana</subfield>
    <subfield code="1">AN0031</subfield>
    <subfield code="2">URB C4</subfield>
  </datafield>
  <datafield tag="899" ind1=" " ind2=" ">
    <subfield code="a">Biblioteca provinciale Salvatore Tommasi. Bazzano</subfield>
    <subfield code="1">AQ0047</subfield>
    <subfield code="2">ABR PR</subfield>
  </datafield>
  <datafield tag="899" ind1=" " ind2=" ">
    <subfield code="a">Biblioteca citt ̉di Arezzo. Arezzo</subfield>
    <subfield code="1">AR0070</subfield>
    <subfield code="2">RT1 QA</subfield>
  </datafield>
  <datafield tag="899" ind1=" " ind2=" ">
    <subfield code="a">Biblioteca civica A. Mai. Bergamo</subfield>
    <subfield code="1">BG0026</subfield>
    <subfield code="2">LO1 02</subfield>
  </datafield>
  <datafield tag="899" ind1=" " ind2=" ">
    <subfield code="a">Biblioteca pubblica arcivescovile Francesco Pacca. Benevento</subfield>
    <subfield code="1">BN0008</subfield>
    <subfield code="2">PBE 84</subfield>
  </datafield>
  <datafield tag="899" ind1=" " ind2=" ">
    <subfield code="a">Biblioteca comunale dell&apos;Archiginnasio. Bologna</subfield>
    <subfield code="1">BO0304</subfield>
    <subfield code="2">UBO GA</subfield>
  </datafield>
  <datafield tag="899" ind1=" " ind2=" ">
    <subfield code="a">Biblioteca del Seminario arcivescovile. Bologna</subfield>
    <subfield code="z">MUTILO</subfield>
    <subfield code="1">BO0552</subfield>
    <subfield code="2">ZBO 66</subfield>
  </datafield>
  <datafield tag="899" ind1=" " ind2=" ">
    <subfield code="a">Biblioteca comunale. Como</subfield>
    <subfield code="1">CO0059</subfield>
    <subfield code="2">ZCO 01</subfield>
  </datafield>
  <datafield tag="899" ind1=" " ind2=" ">
    <subfield code="a">Biblioteca del Seminario vescovile Santa Maria della Pace. Cremona</subfield>
    <subfield code="1">CR0061</subfield>
    <subfield code="2">PBE 48</subfield>
  </datafield>
  <datafield tag="899" ind1=" " ind2=" ">
    <subfield code="a">Biblioteca statale. Cremona</subfield>
    <subfield code="1">CR0062</subfield>
    <subfield code="2">LO1 28</subfield>
  </datafield>
  <datafield tag="899" ind1=" " ind2=" ">
    <subfield code="a">Biblioteca comunale Lelio Pasolini. Longiano</subfield>
    <subfield code="z">MUTILO</subfield>
    <subfield code="1">FC0032</subfield>
    <subfield code="2">RAV LP</subfield>
  </datafield>
  <datafield tag="899" ind1=" " ind2=" ">
    <subfield code="a">Biblioteca della Societ ̉economica. Chiavari</subfield>
    <subfield code="1">GE0011</subfield>
    <subfield code="2">LI3 30</subfield>
  </datafield>
  <datafield tag="899" ind1=" " ind2=" ">
    <subfield code="a">Biblioteca della Societ ̉ligure di storia patria. Genova</subfield>
    <subfield code="z">MUTILO</subfield>
    <subfield code="1">GE0050</subfield>
    <subfield code="2">SGE 47</subfield>
  </datafield>
  <datafield tag="899" ind1=" " ind2=" ">
    <subfield code="a">Biblioteca civica Leonardo Lagorio. Imperia</subfield>
    <subfield code="1">IM0019</subfield>
    <subfield code="2">LIG 02</subfield>
  </datafield>
  <datafield tag="899" ind1=" " ind2=" ">
    <subfield code="a">Biblioteca comunale Francesco Piccinno. Maglie</subfield>
    <subfield code="z">MUTILO</subfield>
    <subfield code="1">LE0108</subfield>
    <subfield code="2">LEK S5</subfield>
  </datafield>
  <datafield tag="899" ind1=" " ind2=" ">
    <subfield code="a">Biblioteca del Seminario vescovile. Lodi</subfield>
    <subfield code="1">LO0023</subfield>
    <subfield code="2">PBE 28</subfield>
  </datafield>
  <datafield tag="899" ind1=" " ind2=" ">
    <subfield code="a">Biblioteca statale. Lucca</subfield>
    <subfield code="z">MUTILO</subfield>
    <subfield code="1">LU0022</subfield>
    <subfield code="2">LUA BL</subfield>
  </datafield>
  <datafield tag="899" ind1=" " ind2=" ">
    <subfield code="a">Biblioteca regionale universitaria. Messina</subfield>
    <subfield code="1">ME0050</subfield>
    <subfield code="2">PAL BM</subfield>
  </datafield>
  <datafield tag="899" ind1=" " ind2=" ">
    <subfield code="a">Biblioteca Ambrosiana. Milano</subfield>
    <subfield code="1">MI0133</subfield>
    <subfield code="2">VBA 01</subfield>
  </datafield>
  <datafield tag="899" ind1=" " ind2=" ">
    <subfield code="a">Biblioteca di Ateneo dell&apos;Universit ̉cattolica del Sacro Cuore. Milano</subfield>
    <subfield code="1">MI0291</subfield>
    <subfield code="2">ZMI 18</subfield>
  </datafield>
  <datafield tag="899" ind1=" " ind2=" ">
    <subfield code="a">Biblioteca comunale Teresiana. Mantova</subfield>
    <subfield code="1">MN0035</subfield>
    <subfield code="2">LO1 12</subfield>
  </datafield>
  <datafield tag="899" ind1=" " ind2=" ">
    <subfield code="a">Biblioteca Estense Universitaria. Modena</subfield>
    <subfield code="1">MO0089</subfield>
    <subfield code="2">MOD BE</subfield>
  </datafield>
  <datafield tag="899" ind1=" " ind2=" ">
    <subfield code="a">Biblioteca nazionale Vittorio Emanuele III. Napoli</subfield>
    <subfield code="1">NA0079</subfield>
    <subfield code="2">NAP BN</subfield>
  </datafield>
  <datafield tag="899" ind1=" " ind2=" ">
    <subfield code="a">Biblioteca del Collegio cardinale Giulio Alberoni. Piacenza</subfield>
    <subfield code="1">PC0032</subfield>
    <subfield code="2">PIA AB</subfield>
  </datafield>
  <datafield tag="899" ind1=" " ind2=" ">
    <subfield code="a">Biblioteca del Gabinetto di lettura. Este</subfield>
    <subfield code="1">PD0040</subfield>
    <subfield code="2">ZPD 18</subfield>
  </datafield>
  <datafield tag="899" ind1=" " ind2=" ">
    <subfield code="a">Biblioteca del Seminario Vescovile della Facolt ̉Teologica del Triveneto dell&apos;Istituto Filosofico Aloisianum. Padova</subfield>
    <subfield code="1">PD0073</subfield>
    <subfield code="2">PUV 01</subfield>
  </datafield>
  <datafield tag="899" ind1=" " ind2=" ">
    <subfield code="a">Biblioteca civica. Padova</subfield>
    <subfield code="1">PD0090</subfield>
    <subfield code="2">PUV 55</subfield>
  </datafield>
  <datafield tag="899" ind1=" " ind2=" ">
    <subfield code="a">Biblioteca comunale Augusta. Perugia</subfield>
    <subfield code="1">PG0109</subfield>
    <subfield code="2">UM1 01</subfield>
  </datafield>
  <datafield tag="899" ind1=" " ind2=" ">
    <subfield code="a">Biblioteca diocesana. Todi</subfield>
    <subfield code="1">PG0173</subfield>
    <subfield code="2">PBE 33</subfield>
  </datafield>
  <datafield tag="899" ind1=" " ind2=" ">
    <subfield code="a">Biblioteca centrale dell&apos;Universit ̉degli studi di Perugia. Perugia</subfield>
    <subfield code="1">PG0251</subfield>
    <subfield code="2">ZPG 08</subfield>
  </datafield>
  <datafield tag="899" ind1=" " ind2=" ">
    <subfield code="a">Biblioteca comunale Carlo Venturini. Massa Lombarda</subfield>
    <subfield code="1">RA0026</subfield>
    <subfield code="2">RAV ML</subfield>
  </datafield>
  <datafield tag="899" ind1=" " ind2=" ">
    <subfield code="a">Biblioteca provinciale dei frati minori Cappuccini (in deposito presso la Biblioteca provinciale dei frati minori Cappuccini di Bologna). Reggio Emilia</subfield>
    <subfield code="1">RE0051</subfield>
    <subfield code="2">PBE 07</subfield>
  </datafield>
  <datafield tag="899" ind1=" " ind2=" ">
    <subfield code="a">Biblioteca comunale di Velletri - Fondo antico. Velletri</subfield>
    <subfield code="1">RM0611</subfield>
    <subfield code="2">RMS L9</subfield>
  </datafield>
  <datafield tag="899" ind1=" " ind2=" ">
    <subfield code="a">Biblioteca comunale Gaetano Baccari. Lendinara</subfield>
    <subfield code="1">RO0031</subfield>
    <subfield code="2">ROV LE</subfield>
  </datafield>
  <datafield tag="899" ind1=" " ind2=" ">
    <subfield code="a">Biblioteca dell&apos;Abbazia di Monte Oliveto Maggiore. Asciano</subfield>
    <subfield code="1">SI0003</subfield>
    <subfield code="2">ZSI 04</subfield>
  </datafield>
  <datafield tag="899" ind1=" " ind2=" ">
    <subfield code="a">Biblioteca comunale Ugo Nomi Venerosi-Pesciolini. San Gimignano</subfield>
    <subfield code="1">SI0037</subfield>
    <subfield code="2">RT1 PN</subfield>
  </datafield>
  <datafield tag="899" ind1=" " ind2=" ">
    <subfield code="a">Biblioteca comunale Marco Gatti. Manduria</subfield>
    <subfield code="1">TA0008</subfield>
    <subfield code="2">TA1 22</subfield>
  </datafield>
  <datafield tag="899" ind1=" " ind2=" ">
    <subfield code="a">Biblioteca civica Girolamo Tartarotti. Rovereto</subfield>
    <subfield code="1">TN0103</subfield>
    <subfield code="2">ZTN 08</subfield>
  </datafield>
  <datafield tag="899" ind1=" " ind2=" ">
    <subfield code="a">Biblioteca comunale. Trento</subfield>
    <subfield code="1">TN0121</subfield>
    <subfield code="2">ZTN 01</subfield>
  </datafield>
  <datafield tag="899" ind1=" " ind2=" ">
    <subfield code="a">Biblioteca Fardelliana. Trapani</subfield>
    <subfield code="z">MUTILO</subfield>
    <subfield code="1">TP0022</subfield>
    <subfield code="2">TPS BF</subfield>
  </datafield>
  <datafield tag="899" ind1=" " ind2=" ">
    <subfield code="a">Biblioteca civica Guarneriana. San Daniele del Friuli</subfield>
    <subfield code="1">UD0075</subfield>
    <subfield code="2">ZUD 05</subfield>
  </datafield>
  <datafield tag="899" ind1=" " ind2=" ">
    <subfield code="a">Biblioteca civica. Vercelli</subfield>
    <subfield code="1">VC0073</subfield>
    <subfield code="2">TO0 A2</subfield>
  </datafield>
  <datafield tag="899" ind1=" " ind2=" ">
    <subfield code="a">Biblioteca nazionale Marciana. Venezia</subfield>
    <subfield code="1">VE0049</subfield>
    <subfield code="2">VEA BM</subfield>
  </datafield>
  <datafield tag="899" ind1=" " ind2=" ">
    <subfield code="a">Biblioteca dell&apos;Archivio provinciale dei frati minori cappuccini. Mestre</subfield>
    <subfield code="z">MUTILO</subfield>
    <subfield code="1">VE0111</subfield>
    <subfield code="2">ZVE 16</subfield>
  </datafield>
  <datafield tag="899" ind1=" " ind2=" ">
    <subfield code="a">Biblioteca Archivio Museo. Bassano del Grappa</subfield>
    <subfield code="1">VI0005</subfield>
    <subfield code="2">VIA BA</subfield>
  </datafield>
  <datafield tag="899" ind1=" " ind2=" ">
    <subfield code="a">Biblioteca civica Bertoliana. Vicenza</subfield>
    <subfield code="1">VI0096</subfield>
    <subfield code="2">VIA BE</subfield>
  </datafield>
  <datafield tag="899" ind1=" " ind2=" ">
    <subfield code="a">Biblioteca del Liceo ginnasio statale S. Maffei. Verona</subfield>
    <subfield code="1">VR0179</subfield>
    <subfield code="2">ZVR 08</subfield>
  </datafield>
  <datafield tag="911" ind1=" " ind2=" ">
    <subfield code="a">Sul front.</subfield>
    <subfield code="9">IT\ICCU\CNCM\000291</subfield>
  </datafield>
  <datafield tag="921" ind1=" " ind2=" ">
    <subfield code="a">IT\ICCU\CNCM\000291</subfield>
    <subfield code="b">Tre alberi  in un prato, ognuno sormontato da una colomba.</subfield>
    <subfield code="c">V436</subfield>
    <subfield code="c">Z26</subfield>
    <subfield code="d">Dimensioni: 4,5 x 5</subfield>
    <subfield code="f">ALBERI</subfield>
    <subfield code="f">COLOMBE</subfield>
    <subfield code="f">PRATO</subfield>
    <subfield code="g">1584-1599</subfield>
  </datafield>
</record>
</collection>
